@article{8836506,
  author   = {Jang, Beakcheol and Kim, Myeonghwi and Harerimana, Gaspard and Kim, Jong Wook},
  journal  = {IEEE Access},
  title    = {Q-Learning Algorithms: A Comprehensive Classification and Applications},
  year     = {2019},
  volume   = {7},
  number   = {},
  pages    = {133653-133667},
  keywords = {Reinforcement learning;Mathematical model;Classification algorithms;Machine learning algorithms;Market research;Reinforcement learning;Q-learning;single-agent;multi-agent},
  doi      = {10.1109/ACCESS.2019.2941229}
}

@misc{1606.01540,
  author = {Greg Brockman and Vicki Cheung and Ludwig Pettersson and Jonas Schneider and John Schulman and Jie Tang and Wojciech Zaremba},
  title  = {OpenAI Gym},
  year   = {2016},
  eprint = {arXiv:1606.01540}
}

@article{Hunter:2007,
  author    = {Hunter, J. D.},
  title     = {Matplotlib: A 2D graphics environment},
  journal   = {Computing in Science \& Engineering},
  volume    = {9},
  number    = {3},
  pages     = {90--95},
  abstract  = {Matplotlib is a 2D graphics package used for Python for
               application development, interactive scripting, and publication-quality
               image generation across user interfaces and operating systems.},
  publisher = {IEEE COMPUTER SOC},
  doi       = {10.1109/MCSE.2007.55},
  year      = 2007
}

@misc{NxpCupRules:2025,
  title        = {The NXP Cup Official Rules},
  author       = {Matthias Wilkens and Garance Aubert-Mazenq and},
  howpublished = {\url{https://www.nxp.com/docs/en/supporting-information/NXP-Cup-2025-rules.pdf}},
  year         = 2024
}

@misc{reinforcementlearningintro,
  title        = {A gentle introduction to Reinforcement Learning},
  howpublished = {\url{https://aamrani1999.medium.com/a-gentle-introduction-to-reinforcement-learning-d26cba6455f7}},
  author       = {Amrani Amine},
  year         = 2020
}

@misc{qlearningalgo,
  title        = {Q-Learning Algorithm: From Explanation to Implementation},
  howpublished = {\url{https://towardsdatascience.com/q-learning-algorithm-from-explanation-to-implementation-cdbeda2ea187}},
  author       = {Amrani Amine},
  year         = 2020
}
